<record xmlns="http://www.loc.gov/MARC21/slim" xmlns:xsi="http://www.w3.org/2001/XMLSchema-instance" xsi:schemaLocation="http://www.loc.gov/MARC21/slim http://www.loc.gov/standards/marcxml/schema/MARC21slim.xsd"><leader>03244nam a2200445   4500</leader><controlfield tag="001">1894799</controlfield><controlfield tag="003">NNC</controlfield><controlfield tag="006">m        d        </controlfield><controlfield tag="007">cr cn |||m|||a</controlfield><controlfield tag="008">150223m18929999le      o     000 0 arard</controlfield><datafield ind1=" " ind2=" " tag="040"><subfield code="a">NNU</subfield><subfield code="b">eng</subfield><subfield code="e">rda</subfield><subfield code="c">NNU</subfield></datafield><datafield ind1=" " ind2="4" tag="050"><subfield code="a">PJ7601</subfield><subfield code="b">.N85 1892</subfield></datafield><datafield ind1="0" ind2="0" tag="245"><subfield code="6">880-01</subfield><subfield code="a">Nukhab al-mulah&#803; /</subfield><subfield code="c">jama&#699;aha&#772; Yu&#772;h&#803;anna&#772; Bilu&#772; wa-Aghu&#772;sti&#772;nu&#772;s Ru&#772;dah.</subfield></datafield><datafield ind1=" " ind2="3" tag="264"><subfield code="6">880-02</subfield><subfield code="a">Bayru&#772;t :</subfield><subfield code="b">al-mat&#803;ba&#699;ah al-ka&#772;thu&#772;li&#772;kiyah lil-a&#772;ba&#772;&#700; al-yasu&#772;&#699;iyn,</subfield><subfield code="c">1892-</subfield></datafield><datafield ind1=" " ind2=" " tag="300"><subfield code="a">online resource (2 volumes)</subfield></datafield><datafield ind1=" " ind2=" " tag="336"><subfield code="a">text</subfield><subfield code="2">rdacontent</subfield></datafield><datafield ind1=" " ind2=" " tag="337"><subfield code="a">computer</subfield><subfield code="2">rdamedia</subfield></datafield><datafield ind1=" " ind2=" " tag="338"><subfield code="a">online resource</subfield><subfield code="2">rdacarrier</subfield></datafield><datafield ind1=" " ind2=" " tag="500"><subfield code="a">Part of the Arabic Collections Online (ACO) project, contributed by Columbia University Libraries.</subfield></datafield><datafield ind1="0" ind2="0" tag="505"><subfield code="6">880-03</subfield><subfield code="g">al-juz&#700; 1, al-qism 1.</subfield><subfield code="t">Wa-huwa yashtamilu &#699;ala&#769; h&#803;ika&#772;ya&#772;t adabi&#772;yah --</subfield><subfield code="g">al-juz&#700; 1, al-qism 2.</subfield><subfield code="t">Wa-huwa yashtamilu &#699;ala&#769; h&#803;ika&#772;ya&#772;t adabi&#772;yah wa-nawa&#772;dir h&#803;ikami&#772;yah wa-h&#803;awa&#772;dith ta&#700;ri&#772;khi&#772;yah --</subfield><subfield code="g">al-juz&#700; 1, al-qism 3.</subfield><subfield code="t">Wa-huwa yashtamilu &#699;ala&#769; h&#803;ika&#772;ya&#772;t adabi&#772;yah --</subfield><subfield code="g">al-juz&#700; 2, al-qism 1.</subfield><subfield code="t">Wa-huwa yashtamilu &#699;ala&#769; amtha&#772;l h&#803;ikmi&#772;yah wa-maqa&#772;la&#772;t adabi&#772;yah wa-rasa&#772;&#700;il fas&#803;i&#772;h&#803;ah li-abra&#699; kutta&#772;b al-&#699;Arabi&#772;yah --</subfield><subfield code="g">al-juz&#700; 2, al-qism 2.</subfield><subfield code="t">Wa-huwa yashtamilu &#699;ala&#769; maqa&#772;ma&#772;t lughawi&#772;yah li-ashhar a&#700;immat al-&#699;Arabi&#772;yah.</subfield></datafield><datafield ind1=" " ind2=" " tag="533"><subfield code="a">Electronic reproduction.</subfield><subfield code="b">New York, N.Y. :</subfield><subfield code="c">New York University,</subfield><subfield code="d">2015.</subfield><subfield code="5">NNU</subfield></datafield><datafield ind1=" " ind2="0" tag="650"><subfield code="a">Arabic literature.</subfield></datafield><datafield ind1=" " ind2="0" tag="650"><subfield code="a">Arabic language</subfield><subfield code="v">Readers.</subfield></datafield><datafield ind1=" " ind2="7" tag="650"><subfield code="a">Arabic language.</subfield><subfield code="2">fast</subfield><subfield code="0">(OCoLC)fst00812287</subfield></datafield><datafield ind1=" " ind2="7" tag="650"><subfield code="a">Arabic literature.</subfield><subfield code="2">fast</subfield><subfield code="0">(OCoLC)fst00812478</subfield></datafield><datafield ind1=" " ind2="7" tag="655"><subfield code="a">Readers.</subfield><subfield code="2">fast</subfield><subfield code="0">(OCoLC)fst01423896</subfield></datafield><datafield ind1="1" ind2=" " tag="700"><subfield code="6">880-04</subfield><subfield code="a">Belot, J. B.</subfield><subfield code="q">(Jean Baptiste),</subfield><subfield code="d">1822-1904.</subfield></datafield><datafield ind1="1" ind2=" " tag="700"><subfield code="6">880-05</subfield><subfield code="a">Ru&#772;dah, Aghusti&#772;nu&#772;s.</subfield></datafield><datafield ind1="2" ind2=" " tag="710"><subfield code="a">Columbia University.</subfield><subfield code="b">Libraries.</subfield></datafield><datafield ind1="0" ind2=" " tag="730"><subfield code="a">Arabic Collections Online.</subfield></datafield><datafield ind1="0" ind2="8" tag="776"><subfield code="i">Online version:</subfield><subfield code="t">Nukhab al-mulah&#803;.</subfield><subfield code="d">Bayru&#772;t : al-Mat&#803;ba&#699;ah al-Ka&#772;thu&#772;li&#772;ki&#772;yah lil-A&#772;ba&#772;&#700; al-Yasu&#772;&#699;i&#772;yi&#772;n, 1892-</subfield><subfield code="w">(OCoLC)639430890</subfield></datafield><datafield ind1="0" ind2="8" tag="776"><subfield code="i">Print version:</subfield><subfield code="t">Nukhab al-mulah&#803;</subfield><subfield code="w">(NNC)1894799</subfield><subfield code="w">(OCoLC)311866350</subfield></datafield><datafield ind1="4" ind2="0" tag="856"><subfield code="u">http://hdl.handle.net/2333.1/8sf7m25w</subfield></datafield><datafield ind1="0" ind2="0" tag="880"><subfield code="6">245-01/r</subfield><subfield code="a">&#1606;&#1582;&#1576; &#1575;&#1604;&#1605;&#1604;&#1581; /</subfield><subfield code="c">&#1580;&#1605;&#1593;&#1607;&#1575; &#1610;&#1608;&#1581;&#1606;&#1575; &#1576;&#1604;&#1608; &#1608;&#1575;&#1594;&#1608;&#1587;&#1578;&#1610;&#1606;&#1608;&#1587; &#1585;&#1608;&#1583;&#1607;.</subfield></datafield><datafield ind1=" " ind2="3" tag="880"><subfield code="6">264-02/r</subfield><subfield code="a">&#1576;&#1610;&#1585;&#1608;&#1578; :</subfield><subfield code="b">&#1575;&#1604;&#1605;&#1591;&#1576;&#1593;&#1577; &#1575;&#1604;&#1603;&#1575;&#1579;&#1608;&#1604;&#1610;&#1603;&#1610;&#1577; &#1604;&#1604;&#1570;&#1576;&#1575;&#1569; &#1575;&#1604;&#1610;&#1587;&#1608;&#1593;&#1610;&#1606;&#1548;</subfield><subfield code="c">1892-.</subfield></datafield><datafield ind1="0" ind2="0" tag="880"><subfield code="6">505-03/r</subfield><subfield code="g">&#1575;&#1604;&#1580;&#1586;&#1569; 1&#1548; &#1575;&#1604;&#1602;&#1587;&#1605; 1.</subfield><subfield code="t">&#1608;&#1607;&#1608; &#1610;&#1588;&#1578;&#1605;&#1604; &#1593;&#1604;&#1609; &#1581;&#1603;&#1575;&#1610;&#1575;&#1578; &#1575;&#1583;&#1576;&#1610;&#1577;</subfield><subfield code="g">&#1575;&#1604;&#1580;&#1586;&#1569; 1&#1548; &#1575;&#1604;&#1602;&#1587;&#1605; 2.</subfield><subfield code="t">&#1608;&#1607;&#1608; &#1610;&#1588;&#1578;&#1605;&#1604; &#1593;&#1604;&#1609; &#1581;&#1603;&#1575;&#1610;&#1575;&#1578; &#1575;&#1583;&#1576;&#1610;&#1577; &#1608;&#1606;&#1608;&#1575;&#1583;&#1585; &#1581;&#1603;&#1605;&#1610;&#1577; &#1608;&#1581;&#1608;&#1575;&#1583;&#1579; &#1578;&#1571;&#1585;&#1610;&#1582;&#1610;&#1577;</subfield><subfield code="g">&#1575;&#1604;&#1580;&#1586;&#1569; 1&#1548; &#1575;&#1604;&#1602;&#1587;&#1605; 3.</subfield><subfield code="t">&#1608;&#1607;&#1608; &#1610;&#1588;&#1578;&#1605;&#1604; &#1593;&#1604;&#1609; &#1581;&#1603;&#1575;&#1610;&#1575;&#1578; &#1575;&#1583;&#1576;&#1610;&#1577;</subfield><subfield code="g">&#1575;&#1604;&#1580;&#1586;&#1569; 2&#1548; &#1575;&#1604;&#1602;&#1587;&#1605; 1.</subfield><subfield code="t">&#1608;&#1607;&#1608; &#1610;&#1588;&#1578;&#1605;&#1604; &#1593;&#1604;&#1609; &#1575;&#1605;&#1579;&#1575;&#1604; &#1581;&#1603;&#1605;&#1610;&#1577; &#1608;&#1605;&#1602;&#1575;&#1604;&#1575;&#1578; &#1575;&#1583;&#1576;&#1610;&#1577; &#1608;&#1585;&#1587;&#1575;&#1574;&#1604; &#1601;&#1589;&#1610;&#1581;&#1577; &#1604;&#1575;&#1576;&#1585;&#1593; &#1603;&#1578;&#1575;&#1576; &#1575;&#1604;&#1593;&#1585;&#1576;&#1610;&#1577;</subfield><subfield code="g">&#1575;&#1604;&#1580;&#1586;&#1569; 2&#1548; &#1575;&#1604;&#1602;&#1587;&#1605; 2.</subfield><subfield code="t">&#1608;&#1607;&#1608; &#1610;&#1588;&#1578;&#1605;&#1604; &#1593;&#1604;&#1609; &#1605;&#1602;&#1575;&#1605;&#1575;&#1578; &#1604;&#1594;&#1608;&#1610;&#1577; &#1604;&#1575;&#1588;&#1607;&#1585; &#1571;&#1605;&#1577; &#1575;&#1604;&#1593;&#1585;&#1576;&#1610;&#1577;.</subfield></datafield><datafield ind1="1" ind2=" " tag="880"><subfield code="6">700-04/r</subfield><subfield code="a">&#1576;&#1604;&#1608;&#1548; &#1610;&#1608;&#1581;&#1606;&#1575;&#1548;,</subfield><subfield code="d">1904-1822.</subfield></datafield><datafield ind1="1" ind2=" " tag="880"><subfield code="6">700-05/r</subfield><subfield code="a">&#1585;&#1608;&#1583;&#1607;&#1548; &#1571;&#1594;&#1608;&#1587;&#1578;&#1610;&#1606;&#1608;&#1587;.</subfield></datafield><datafield ind1=" " ind2=" " tag="959"><subfield code="a">NNU</subfield><subfield code="b">WEB</subfield><subfield code="c">GENI</subfield><subfield code="t">0</subfield><subfield code="m">Electronic access</subfield><subfield code="s">01</subfield></datafield><datafield ind1=" " ind2=" " tag="999"><subfield code="i">NNC_1894799</subfield><subfield code="o">(OCoLC)311866350</subfield><subfield code="s">columbia_aco000049:v.1</subfield></datafield></record>